<?xml version="1.0" encoding="UTF-8"?><collection xmlns="http://www.loc.gov/MARC21/slim"><record><leader>00655nam--2200193-i-4500</leader><controlfield tag="001">000041159</controlfield><controlfield tag="002">20161230</controlfield><controlfield tag="005">20161230201043</controlfield><controlfield tag="008">060222s1000------------r-----000-0-eng-d</controlfield><datafield ind1=" " ind2=" " tag="020"><subfield code="a">720401542</subfield></datafield><datafield ind1=" " ind2=" " tag="040"><subfield code="a">IFIN-HH</subfield></datafield><datafield ind1=" " ind2=" " tag="080"><subfield code="a">548.4:546.3(061.3)</subfield></datafield><datafield ind1="1" ind2=" " tag="100"><subfield code="a">Seeger, A./S.A.</subfield></datafield><datafield ind1="1" ind2="0" tag="245"><subfield code="a">Vacancies and interstitials in metals</subfield><subfield code="b">Proceedings of the international conference held at julich, germany, 23-28 september 1968</subfield><subfield code="c">A. seeger, d. schumacher, w. schilling, j. diehl (eds.)</subfield></datafield><datafield ind1=" " ind2=" " tag="260"><subfield code="a">Amsterdam</subfield><subfield code="b">North-holland Publishing Company</subfield><subfield code="c">1970</subfield></datafield><datafield ind1=" " ind2=" " tag="300"><subfield code="a">XI+1073P</subfield></datafield><datafield ind1="1" ind2=" " tag="700"><subfield code="a">Diehl, J</subfield><subfield code="e">Ed</subfield></datafield><datafield ind1=" " ind2=" " tag="852"><subfield code="a">35426</subfield><subfield code="c">539.2</subfield></datafield><datafield ind1=" " ind2=" " tag="CAT"><subfield code="a">Sys</subfield><subfield code="c">20121019</subfield><subfield code="h">110714</subfield></datafield></record></collection>